% Encoding: UTF-8

@InProceedings{isa2,
  author       = {Herranz-Perdiguero, Carlos and López-Sastre, Roberto~Javier},
  title        = {$ISA^2$: Intelligent Speed Adaptation from Appearance},
  booktitle    = {IROS 2018 Workshop, 10th Planning, Perception and Navigation for Intelligent Vehicles (PPNIV´18)},
  year         = {2018},
  howpublished = {\url{http://agamenon.tsc.uah.es/Personales/rlopez/docs/iros2018w-herranz.pdf}},
}

@MastersThesis{segsem,
  author = {Daniel Jiménez Jiménez},
  school = {Universidad de Sevilla},
  title  = {Identificación Semántica de Objetos Mediante Deep Learning},
  year   = {2018},
}

@InProceedings{segmpred,
  author       = {Pauline Luc adn Natalia Neverova and Camille Couprie and Jakob Verbeek and Yann LeCun},
  title        = {Predicting Deeper into the Future of Semantic Segmentation},
  booktitle    = {ICCV},
  year         = {2017},
  howpublished = {\url{https://openaccess.thecvf.com/content_ICCV_2017/papers/Luc_Predicting_Deeper_Into_ICCV_2017_paper.pdf}},
}

@Article{deeplab,
  author       = {Liang-Chieh Chen and George Papandreou and Iasonas Kokkinos and Kevin Murphy and Alan L. Yuille},
  title        = {DeepLab: Semantic Image Segmentation with Deep Convolutional Nets, Atrous Convolution, and Fully Connected CRFs},
  journal      = {Transactions on Pattern Analysis and Machine Intelligence (TPAMI)},
  year         = {2016},
  howpublished = {\url{https://sthalles.github.io/deep_segmentation_network/}},
}

@Comment{jabref-meta: databaseType:bibtex;}
