% This file was created with JabRef 2.4.2.
% Encoding: UTF8

@BOOK{hartley2006,
  title = {Multiple view geometry in computer vision},
  publisher = {Cambridge University Press},
  year = {2006},
  editor = {Cambridge University Press},
  author = {Hartley, Richard and Zisserman, Andrew},
  pages = {655},
  edition = {2},
  owner = {rober},
  timestamp = {2006.08.17}
}

@INPROCEEDINGS{Lowe1999,
  author = {Lowe, D.G.},
  title = {Object recognition from local scale-invariant features},
  booktitle = {Proceedings of the International Conference on Computer Vision},
  year = {1999},
  month = {September},
  owner = {rober},
  timestamp = {2006.11.16}
}

@INBOOK{Mundy2006,
  chapter = {1},
  pages = {1-29},
  title = {Toward category-level object recognition},
  publisher = {Springer-Verlag},
  year = {2006},
  author = {Mundy, J.L.},
  volume = {4170},
  file = {mundy2006.pdf:/home/rober/thesis/docs/books/mundy2006.pdf:PDF},
  owner = {rober},
  review = {ESTADO DEL ARTE DE LA TESIS},
  timestamp = {2006.11.06}
}

@INBOOK{Ponce2006,
  chapter = {Dataset Issues in Object Recognition},
  pages = {29--48},
  title = {Toward category-level object recognition},
  publisher = {Springer},
  year = {2006},
  editor = {Ponce, J. and Schmid, C. and Zisserman, A.},
  author = {Ponce, J. and Berg, T.L. and Everingham, M. and Forsyth, D.A. and
	Hebert, M. and Lazebnik, S. and Marszalek, M. and Schmid, C. and
	Russell, B.C. and Torralba, A. and Williams, C.K.I. and Zhang, J.
	and Zisserman, A.},
  file = {ponce2006.pdf:/home/rober/thesis/docs/others/ponce2006.pdf:PDF},
  owner = {rober},
  timestamp = {2008.09.08}
}

@ARTICLE{Tuytelaars2008,
  author = {Tuytelaars, T. and Mikolajczyk, K.},
  title = {Local Invariant Feature Detectors: A Survey},
  journal = {Foundations and Trends in Computer Graphics and Vision},
  year = {2008},
  volume = {3},
  pages = {177--280},
  number = {3},
  owner = {rober},
  timestamp = {2008.07.08}
}

@MISC{bibtex,
  title = {BibTex},
  howpublished = {\url{http://en.wikipedia.org/wiki/BibTeX}},
  owner = {rober},
  timestamp = {2010.03.08}
}

@MISC{jabref,
  title = {JabRef},
  howpublished = {\url{http://jabref.sourceforge.net/}},
  owner = {rober},
  timestamp = {2010.03.08}
}

@MISC{kile,
  title = {Kile},
  howpublished = {\url{http://kile.sourceforge.net/}},
  owner = {rober},
  timestamp = {2010.03.08}
}

@MISC{wikibook,
  title = {LaTex - wikibook},
  howpublished = {\url{http://en.wikibooks.org/wiki/LaTeX}},
  owner = {rober},
  timestamp = {2010.05.21}
}

@INBOOK{booksvd,
  chapter = {2.6 Singular value decomposition},
  pages = {59-71},
  title = {Numerical recipes in C: the art of scientific computing},
  publisher = {Cambridge University Press},
  year = {1992},
  file = {booksvd.pdf:/home/rober/thesis/docs/books/booksvd.pdf:PDF},
  owner = {rober},
  timestamp = {2006.08.16}
}

@comment{jabref-meta: selector_publisher:}

@comment{jabref-meta: selector_author:}

@comment{jabref-meta: selector_journal:}

@comment{jabref-meta: selector_keywords:}

