% Encoding: UTF-8

@BOOK{Latex1,
  title = {The \LaTeX{} companion},
  publisher = {Addison-Wesley},
  year = {2003},
  author = {Goossens,M. and Mittelbach,F. and Samarin,A.},
  edition = {18}
}

@MISC{LatexWiki,
  author = {Wikibooks},
  title = {\url{http://en.wikibooks.org/wiki/LaTeX/}}
}

@MISC{bibtex1,
  author = {Wikipedia},
  title = {\url{http://en.wikipedia.org/wiki/BibTeX}},
  owner = {rober},
  timestamp = {2012.01.13}
}

@Article{sigloXX,
  author  = {autopista.es},
  journal = {autopista.es},
  title   = {El siglo XX se cierra con más de siete millones de accidentes de tráfico en España},
  year    = {2001},
  url     = {\url{https://www.autopista.es/noticias-motor/el-siglo-xx-se-cierra-con-mas-de-siete-millones-de-accidentes-de-trafico-en-espana_74981_102.html}},
}

@Article{vidas,
  author  = {Felip Pinazo},
  journal = {El País},
  title   = {El tráfico se ha cobrado 250.000 vidas en España en el siglo XX},
  year    = {2000},
  url     = {\url{https://elpais.com/diario/2000/01/13/espana/947718021_850215.html}},
}

@Misc{reduccion,
  author = {Wikipedia},
  title  = {\url{https://es.mihalicdictionary.org/wiki/Intelligent_speed_adaptation}},
}

@Article{deeplab,
  author       = {Liang-Chieh Chen and George Papandreou and Iasonas Kokkinos and Kevin Murphy and Alan L. Yuille},
  title        = {DeepLab: Semantic Image Segmentation with Deep Convolutional Nets, Atrous Convolution, and Fully Connected CRFs},
  journal      = {Transactions on Pattern Analysis and Machine Intelligence (TPAMI)},
  year         = {2016},
  howpublished = {\url{https://sthalles.github.io/deep_segmentation_network/}},
}

@InProceedings{swiftnet,
  author    = {Marin Oršić and Ivan Krešo and Petra Bevandić and Siniša Šegvić},
  booktitle = {CVPR},
  title     = {In Defense of Pre-trained ImageNet Architectures for Real-time Semantic Segmentation of Road-driving Images},
  year      = {2019},
}

@InProceedings{isa2,
  author       = {Herranz-Perdiguero, Carlos and López-Sastre, Roberto~Javier},
  title        = {$ISA^2$: Intelligent Speed Adaptation from Appearance},
  booktitle    = {IROS 2018 Workshop, 10th Planning, Perception and Navigation for Intelligent Vehicles (PPNIV´18)},
  year         = {2018},
  howpublished = {\url{http://agamenon.tsc.uah.es/Personales/rlopez/docs/iros2018w-herranz.pdf}},
}

@Misc{cnn,
  author = {Mathworks},
  title  = {\url{https://es.mathworks.com/discovery/convolutional-neural-network-matlab.html}},
}

@InProceedings{spp,
  author    = {Kaiming He and Xiangyu Zhang and Shaoqing Ren and Jian Sun},
  booktitle = {arXiv},
  title     = {Spatial Pyramid Pooling in Deep Convolutional Networks for Visual Recognition},
  year      = {2014},
}

@Misc{cityscapes,
  author = {Cityscapes},
  title  = {\url{https://www.cityscapes-dataset.com/dataset-overview/}},
}

@Misc{github_swiftnet,
  author = {Marin Oršić},
  title  = {\url{https://github.com/orsic/swiftnet}},
  url    = {https://github.com/orsic/swiftnet},
}

@Misc{conda,
  author = {Wikipedia},
  title  = {\url{https://es.wikipedia.org/wiki/Conda_(gestor_de_paquetes)}},
}

@Misc{miniconda_install,
  author = {Conda},
  title  = {\url{https://docs.conda.io/en/latest/miniconda.html}},
}

@Misc{pip,
  author = {Wikipedia},
  title  = {\url{https://es.wikipedia.org/wiki/Pip_(administrador_de_paquetes)}},
}

@Misc{conda_sheet,
  author = {Conda},
  title  = {\url{https://docs.conda.io/projects/conda/en/4.6.0/_downloads/52a95608c49671267e40c689e0bc00ca/conda-cheatsheet.pdf}},
  year   = {2017},
  url    = {https://docs.conda.io/projects/conda/en/4.6.0/_downloads/52a95608c49671267e40c689e0bc00ca/conda-cheatsheet.pdf},
}

@Misc{opencv,
  author = {Conda},
  title  = {\url{https://anaconda.org/conda-forge/opencv}},
}

@Misc{glibcxx,
  author = {Omair Majid},
  title  = {\url{https://omairmajid.com/posts/2020-07-08-what-is-glibcxx-error/}},
}

@Misc{pytorch,
  author = {PyTorch},
  title  = {\url{https://pytorch.org/get-started/locally/}},
}

@Misc{shell,
  author = {Wikipedia},
  title  = {\url{https://es.wikipedia.org/wiki/Script_de_shell}},
}

@Misc{cython,
  author = {Cython},
  title  = {\url{https://cython.org/}},
}

@Misc{cuda,
  author = {NVIDIA},
  title  = {\url{https://developer.nvidia.com/cuda-zone}},
}

@Misc{tensorflow,
  author = {Tensorflow},
  title  = {\url{https://www.tensorflow.org/?hl=es-419}},
}

@Misc{caffe,
  author = {University of California, Berkeley},
  title  = {\url{https://caffe.berkeleyvision.org/}},
}

@Misc{pycharm,
  author = {JetBrains},
  title  = {\url{https://www.jetbrains.com/es-es/pycharm/}},
}

@Misc{matlab,
  author = {Mathworks},
  title  = {\url{https://es.mathworks.com/products/matlab.html}},
}

@Article{miou-iou,
  author  = {Jeremy Jordan},
  journal = {Jeremy Jordan},
  title   = {Evaluating image segmentation models},
  year    = {2018},
  url     = {\url{https://www.jeremyjordan.me/evaluating-image-segmentation-models/}},
}

@Manual{clonar,
  title        = {Clonar un repositorio},
  author       = {GitHub},
  organization = {GitHub},
  url          = {\url{https://docs.github.com/es/github/creating-cloning-and-archiving-repositories/cloning-a-repository-from-github/cloning-a-repository}},
}

@Misc{histograma,
  author = {superprof},
  title  = {\url{https://www.superprof.es/apuntes/escolar/matematicas/estadistica/descriptiva/histograma.html}},
}

@Misc{mae,
  author       = {Stephanie Glen},
  howpublished = {\url{https://www.statisticshowto.com/absolute-error/}},
  month        = oct,
  title        = {Absolute Error I\& Mean Absolute Error (MAE)},
  year         = {2016},
}

@Misc{lasso,
  author       = {Stephanie Glen},
  howpublished = {\url{https://www.statisticshowto.com/lasso-regression/}},
  month        = sep,
  title        = {Lasso Regression: Simple Definition},
  year         = {2015},
}

@Misc{multicollinearity,
  author       = {Stephanie Glen},
  howpublished = {\url{https://www.statisticshowto.com/multicollinearity/}},
  month        = sep,
  title        = {Multicollinearity: Definition, Causes, Examples},
  year         = {2015},
}

@Misc{shrinkage,
  author       = {Stephanie Glen},
  howpublished = {\url{https://www.statisticshowto.com/shrinkage-estimator/}},
  month        = oct,
  title        = {Shrinkage Estimator: Definition, Examples},
  year         = {2016},
}

@Misc{boosting-trees,
  author       = {bccvl},
  howpublished = {\url{https://support.bccvl.org.au/support/solutions/articles/6000083202-boosted-regression-tree}},
  month        = may,
  title        = {Boosted Regression Tree},
  year         = {2021},
}

@Misc{linear,
  author       = {Statistics Solutions},
  howpublished = {\url{https://www.statisticssolutions.com/free-resources/directory-of-statistical-analyses/what-is-linear-regression/}},
  title        = {What Is Linear Regression},
  year         = {2013},
}

@Misc{decision-tree,
  author       = {Nagesh Singh Chauhan},
  howpublished = {\url{https://www.kdnuggets.com/2020/01/decision-tree-algorithm-explained.html}},
  month        = jan,
  title        = {Decision Tree Algorithm, Explained},
  year         = {2020},
}

@Misc{boosting,
  author       = {Wikipedia},
  howpublished = {\url{https://es.wikipedia.org/wiki/Boosting}},
  month        = jul,
  title        = {Boosting},
  year         = {2020},
}

@Misc{SVR,
  author       = {Jacob Avila Camacho},
  howpublished = {\url{https://www.jacobsoft.com.mx/es_mx/support-vector-regression/}},
  month        = mar,
  title        = {Regresión de Soporte Vectorial (Support Vector Regression – SVR)},
  year         = {2020},
}

@Comment{jabref-meta: databaseType:bibtex;}
